@String(PAMI = {IEEE Trans. Pattern Anal. Mach. Intell.})
@String(IJCV = {Int. J. Comput. Vis.})
@String(CVPR= {IEEE Conf. Comput. Vis. Pattern Recog.})
@String(ICCV= {Int. Conf. Comput. Vis.})
@String(ECCV= {Eur. Conf. Comput. Vis.})
@String(NIPS= {Adv. Neural Inform. Process. Syst.})
@String(ICPR = {Int. Conf. Pattern Recog.})
@String(BMVC= {Brit. Mach. Vis. Conf.})
@String(TOG= {ACM Trans. Graph.})
@String(TIP  = {IEEE Trans. Image Process.})
@String(TVCG  = {IEEE Trans. Vis. Comput. Graph.})
@String(TMM  = {IEEE Trans. Multimedia})
@String(ACMMM= {ACM Int. Conf. Multimedia})
@String(ICME = {Int. Conf. Multimedia and Expo})
@String(ICASSP=	{ICASSP})
@String(ICIP = {IEEE Int. Conf. Image Process.})
@String(ACCV  = {ACCV})
@String(ICLR = {Int. Conf. Learn. Represent.})
@String(IJCAI = {IJCAI})
@String(PR   = {Pattern Recognition})
@String(AAAI = {AAAI})
@String(CVPRW= {IEEE Conf. Comput. Vis. Pattern Recog. Worksh.})
@String(CSVT = {IEEE Trans. Circuit Syst. Video Technol.})

@String(SPL	= {IEEE Sign. Process. Letters})
@String(VR   = {Vis. Res.})
@String(JOV	 = {J. Vis.})
@String(TVC  = {The Vis. Comput.})
@String(JCST  = {J. Comput. Sci. Tech.})
@String(CGF  = {Comput. Graph. Forum})
@String(CVM = {Computational Visual Media})


@String(PAMI  = {IEEE TPAMI})
@String(IJCV  = {IJCV})
@String(CVPR  = {CVPR})
@String(ICCV  = {ICCV})
@String(ECCV  = {ECCV})
@String(NIPS  = {NeurIPS})
@String(ICPR  = {ICPR})
@String(BMVC  =	{BMVC})
@String(TOG   = {ACM TOG})
@String(TIP   = {IEEE TIP})
@String(TVCG  = {IEEE TVCG})
@String(TCSVT = {IEEE TCSVT})
@String(TMM   =	{IEEE TMM})
@String(ACMMM = {ACM MM})
@String(ICME  =	{ICME})
@String(ICASSP=	{ICASSP})
@String(ICIP  = {ICIP})
@String(ACCV  = {ACCV})
@String(ICLR  = {ICLR})
@String(IJCAI = {IJCAI})
@String(PR = {PR})
@String(AAAI = {AAAI})
@String(CVPRW= {CVPRW})
@String(CSVT = {IEEE TCSVT})

@book{rosenblatt1958perceptron,
  title={The perceptron: a theory of statistical separability in cognitive systems (Project Para)},
  author={Rosenblatt, Frank},
  year={1958},
  publisher={Cornell Aeronautical Laboratory}
}

@inproceedings{smith1988using,
  title={Using the ADAP learning algorithm to forecast the onset of diabetes mellitus},
  author={Smith, Jack W and Everhart, James E and Dickson, WC and Knowler, William C and Johannes, Robert Scott},
  booktitle={Proceedings of the annual symposium on computer application in medical care},
  pages={261},
  year={1988},
  organization={American Medical Informatics Association}
}

@INPROCEEDINGS{8093539,
  author={Canbek, GÃ¼rol and Sagiroglu, Seref and Temizel, Tugba Taskaya and Baykal, Nazife},
  booktitle={2017 International Conference on Computer Science and Engineering (UBMK)}, 
  title={Binary classification performance measures/metrics: A comprehensive visualized roadmap to gain new insights}, 
  year={2017},
  volume={},
  number={},
  pages={821-826},
  doi={10.1109/UBMK.2017.8093539}}

  @inproceedings{widrow1960adaptive,
  title={Adaptive switching circuits},
  author={Widrow, Bernard and Hoff, Marcian E and others},
  booktitle={IRE WESCON convention record},
  volume={4},
  number={1},
  pages={96--104},
  year={1960},
  organization={New York}
}

@article{hu2008classification,
  title={Classification performance evaluation of single-layer perceptron with Choquet integral-based TOPSIS},
  author={Hu, Yi-Chung},
  journal={Applied Intelligence},
  volume={29},
  pages={204--215},
  year={2008},
  publisher={Springer}
}